@book{algebraic_statistics,
  author    = "Patcher, Lior and Sturmfels, Bernd",
  title     = "Algebraic statistics for computational biology",
  publisher = "Cambridge University Press",
  year      = "2005",
  isbn      = "978-0-521-85700-0",
}

@book{introduction_to_algorithms,
  title={Introduction to Algorithms},
  author={Cormen, Thomas H. and Leiserson, Charles E. and Rivest, Ronald L. and Stein, Clifford},
  year={2009},
  edition={3rd},
  publisher={MIT Press}
}

@misc{wiki:integer_programming,
  author = "{Wikipedia contributors}",
  title = "Integer programming --- {Wikipedia}{,} The Free Encyclopedia",
  year = "2024",
  howpublished = {\url{https://en.wikipedia.org/wiki/Integer_programming}},
  note = "[Online; accessed 7-March-2024]"
}